<?xml version="1.0" encoding="UTF-8"?><collection xmlns="http://www.loc.gov/MARC21/slim"><record><leader>00442nam--2200157-i-4500</leader><controlfield tag="001">000014012</controlfield><controlfield tag="002">20161230</controlfield><controlfield tag="005">20161230201030</controlfield><controlfield tag="008">060222s1000------------r-----000-0-eng-d</controlfield><datafield ind1=" " ind2=" " tag="080"><subfield code="a">517.518.113(O43)</subfield></datafield><datafield ind1=" " ind2=" " tag="100"><subfield code="a">Bhaskara Rao, K.P.S. And Rao, B.V.Y</subfield></datafield><datafield ind1=" " ind2=" " tag="245"><subfield code="a">Borel spaces</subfield></datafield><datafield ind1=" " ind2=" " tag="260"><subfield code="a">Warszawa, Panstwowa Wydawnictwo Naukowe,1981 68 P</subfield></datafield><datafield ind1=" " ind2=" " tag="490"><subfield code="a">Dissertationes Mathematicae</subfield><subfield code="v">vol. CXC</subfield></datafield><datafield ind1=" " ind2=" " tag="852"><subfield code="a">7385</subfield></datafield><datafield ind1=" " ind2=" " tag="CAT"><subfield code="a">Sys</subfield><subfield code="c">20080327</subfield><subfield code="h">112406</subfield></datafield></record></collection>